@misc {ciscoforecast,
	title={Cisco Visual Networking Index: Forecast and Methodology, 2013–2018},
	author={{Cisco}},
	year={{2014}},
	month={jun.},
	howpublished={\url{http://www.cisco.com/c/en/us/solutions/collateral/service-provider/ip-ngn-ip-next-generation-network/white_paper_c11-481360.html}},
}

@misc {googlespectrumdatabase,
	title={Spectrum Database},
	author={{Google}},
	note = {Acessado em fevereiro de 2015.},
	howpublished={\url{https://www.google.com/get/spectrumdatabase/channel/}},
}

@misc {elevationdata,
	title={TOPODATA - Banco de Dados Geomorfométricos do Brasil},
	author={{Instituto Nacional de Pesquisas Espaciais}},
	note = {Acessado em fevereiro de 2015.},
	howpublished={\url{http://www.dsr.inpe.br/topodata/acesso.php}},
}


@techreport{tccmarcelo,
title={Banco de Dados de Disponibilidade de Espectro para Radios Cognitivos},
author={{Marcelo Rocha Machado}},
month={Apr.},
year={2013},
}

@techreport{restcreator,
title={Architectural Styles and the Design of Network-based Software Architectures},
author={{Roy Thomas Fielding}},
howpublished={\url{http://www.ics.uci.edu/~fielding/pubs/dissertation/top.htm}},
year={2000},
}

@misc{RFC6953,
  title = {Protocol to Access White-Space (PAWS) Databases: Use Cases and Requirements},
  author={{Internet Engineering Task Force (IETF)}},
  year={2013}, 
  month={may}, 
  howpublished={\url{http://www.ietf.org/rfc/rfc6953.txt}},
}

@misc{fccalloc,
  title = {FCC ONLINE TABLE OF FREQUENCY ALLOCATIONS},
  note = {Acessado em fevereiro de 2013.},
  author={{Federal Communications Commission (FCC)}},
  howpublished={\url{http://transition.fcc.gov/oet/spectrum/table/fcctable.pdf}},
}

@misc{channelstable,
  title = {Consulta de Canais },
  author={{ANATEL}},
  note = {Acessado em Fevereiro de 2014.},
  howpublished={\url{http://sistemas.anatel.gov.br/siscom/consplanobasico/default.asp?SISQSmodulo=2605}},
}

@misc{heremaps,
  title = {Javascript API},
  author={{HERE}},
  note = {Acessado em Fevereiro de 2014.},
  howpublished={\url{https://developer.here.com/javascript-apis}},
}

@techreport{longleyrice,
  title = {Prediction of tropospheric radio transmission loss over irregular terrain. A computer method-1968},
  author={{A. G. Longley, P. L. Rice}},
  month={jul.},
  year={1968},
  note = {Acessado em Fevereiro de 2015.},
}

@techreport{longleyricedelta,
title={A Guide to the Use of the ITS Irregular Terrain Model in the Area Prediction Mode},
author={G.A. Hufford and A.G. Longley and W.A. Kissick},
month={abr.},
year={1982},
}

@techreport{vogler,
title={Calculation of Groundwave Attenuation in the Far Diffraction Region},
author={L. E. Vogler},
month={jan.},
year={1964}
}

@misc{rufford,
  title = {The ITS Irregular Terrain Model, version 1.2.2, the Algorithm},
  author={{G. A. Rufford}},
  year={1995},
  note = {Acessado em Fevereiro de 2015.},
}

%%Referências do Marcelo

@techreport{ieee80222,
title={Functional Requirements for IEEE 802.22 WRAN Standard, 802.22/05-0007r46},
author={{Institute of Electrical and Electronics Engineers (IEEE)}},
month={set.},
year={2005},
}

@misc{fccwsdba,
  title = {TV White Spaces Databases and Database Administrators},
  note = {Acessado em fevereiro de 2013.},
  author={{Federal Communications Commission (FCC)}},
  howpublished={\url{http://transition.fcc.gov/bureaus/oet/whitespace/WhiteSpacesDAGuide.pdf}},
}

@misc{fccwsdbasite,
  title = {White Space Database Administration},
  note = {Acessado em fevereiro de 2013.},
   author={{Federal Communications Commission (FCC)}},
  howpublished={\url{http://www.fcc.gov/encyclopedia/white-space-database-administration}},
}

@misc{fccmic,
  title = {Unlicensed Wireless Microphone Registration System Launched},
  note = {Acessado em fevereiro de 2013.},
   author={{Federal Communications Commission (FCC)}},
  howpublished={\url{http://www.fcc.gov/document/unlicensed-wireless-microphone-registration-system-launched}},
}

@misc{fccspectrumbridge,
  title = {Chairman Announces Approval of White Spaces Database Spectrum Bridge},
  note = {Acessado em fevereiro de 2013.},
   author={{Federal Communications Commission (FCC)}},
  howpublished={\url{http://www.fcc.gov/document/chairman-announces-approval-white-spaces-database-spectrum-bridge}},
}

@misc{spectrumbridge,
  title = {Spectrum Bridge},
  note = {Acessado em fevereiro de 2013.},
  howpublished={\url{http://whitespaces.spectrumbridge.com}},
}

@misc{wise,
  title = {White space test environment for broadcast frequencies},
  note = {Acessado em fevereiro de 2013.},
  howpublished={\url{http://wise.turkuamk.fi}},
}



@misc{fccwsguide,
  title = {TV White Spaces Databases and Database Administrators},
  note = {Acessado em fevereiro de 2013.},
  author={{Federal Communications Commission (FCC)}},
  howpublished={\url{http://transition.fcc.gov/bureaus/oet/whitespace/WhiteSpacesDAGuide.pdf}},
}

@misc{pawsprotocol,
  title = {Protocol to Access Spectrum Database},
  note = {Rascunho em desenvolvimento},
  author={{Internet Engineering Task Force (IETF)}},
  year={2013}, 
  month={fev.}, 
  howpublished={\url{http://tools.ietf.org/html/draft-ietf-paws-protocol-03}},
}

@misc{jsonrpc,
  title = {JSON-RPC 2.0},
  note = {Acessado em fevereiro de 2013.},
  howpublished={\url{http://www.jsonrpc.org/specification}},
}

@misc{httptls,
  title = {HTTP Over TLS},
  author={{Internet Engineering Task Force (IETF)}},
  year={20}, 
  month={mai.}, 
  howpublished={\url{http://tools.ietf.org/html/rfc2818}},
}


@misc{pawsuses,
  title = {Protocol to Access White Space (PAWS) Database: Use Cases and Requirements},
  note = {Rascunho em desenvolvimento},
  author={{Internet Engineering Task Force (IETF)}},
  year={2013}, 
  month={fev.}, 
  howpublished={\url{http://tools.ietf.org/html/draft-ietf-paws-problem-stmt-usecases-rqmts-13}},
}

@misc{pawsdiscoverl,
  title = {PAWS Database Discovery},
  note = {Rascunho em desenvolvimento.},
  author={{Internet Engineering Task Force (IETF)}},
  year={2013}, 
  month={fev.}, 
  howpublished={\url{http://www.ietf.org/id/draft-wei-paws-database-discovery-00.txt}},
}

@misc{restlet,
  title = {Restlet},
  note = {Acessado em fevereiro de 2015.},
  howpublished={\url{http://restlet.org/}},
}

@misc{siscom,
  title = {Sistema de Informação dos Serviços de Comunicação de Massa},
  author={{Agência Nacional de Telecomunicações (ANATEL)}},
  note = {Acessado em fevereiro de 2013.},
  howpublished={\url{http://sistemas.anatel.gov.br/siscom//ConsPlanoBasico/ListaArquivos.asp?SISQSmodulo=14611}},
}

@misc{eclipse,
  title = {Eclipse},
  note = {Acessado em fevereiro de 2013.},
  howpublished={\url{http://www.eclipse.org/}},
}

@misc{objaid,
  title = {ObjectAid},
  note = {Acessado em fevereiro de 2013.},
  howpublished={\url{http://www.objectaid.com/}},
}

@misc{elevation,
  title = {Google Elevation API },
  author={{Google}},
  note = {Acessado em fevereiro de 2013.},
  howpublished={\url{https://developers.google.com/maps/documentation/elevation/?hl=pt-br}},
}

@misc{KML,
  title = {Keyhole Markup Language },
  author={{Google}},
  note = {Acessado em fevereiro de 2013.},
  howpublished={\url{https://developers.google.com/kml/documentation/?hl=pt-BR}},
}

@misc{gearth,
  title = {Google Earth },
  author={{Google}},
  note = {Acessado em fevereiro de 2013.},
  howpublished={\url{http://www.google.com/earth/index.html}},
}



@book{rapapport,
    author = {Theodore S. Rappaport},
    isbn = {9780130422323},
    edition = {2},
    publisher = {{Prentice Hall}},
    title = {{Wireless Communications: Principles and Practice}},
    year = {2001},
    address = {},
}

@book{cooper2000java,
  title={Java design patterns},
  author={Cooper, James William},
  year={2000},
  publisher={Addison-Wesley Professional},
  address = {},
}

@book{restful,
    author = {Leonard Richardson e Sam Ruby},
    isbn = {9780596528260},
    edition = {1},
    publisher = {{O'Reillyl}},
    title = {{RESTful Web Services}},
    year = {2007},
    address = {},
}

@misc{geoloc,
  title = {GeoNames },
  note = {Acessado em fevereiro de 2013.},
  howpublished={\url{http://www.geonames.org/}},
}

@misc{vmbox,
  title = {Oracle VM BOX },
 author={{Oracle}},
  note = {Acessado em fevereiro de 2013.},
  howpublished={\url{http://www.oracle.com/technetwork/server-storage/virtualbox/downloads/index.html}},
}

@misc{googlemaps,
  title = {API do Google Maps},
 author={{Google}},
  note = {Acessado em fevereiro de 2015.},
  howpublished={\url{https://developers.google.com/maps/}},
}

@misc{heatmapjs,
  title = {heatmap.js | Dynamic Heatmaps for the Web},
 author={{Patrick Wied}},
  note = {Acessado em fevereiro de 2015.},
  howpublished={\url{http://www.patrick-wied.at/static/heatmapjs/}},
}

@misc{jhere,
  title = {jHERE - Maps Made Easy},
 author={{Massimiliano Marcon}},
  note = {Acessado em fevereiro de 2015.},
  howpublished={\url{http://jhere.net/}},
}


@techreport {fcclongleyrice,
  title = {Longley-Rice Methodology for Evaluating TV Coverage and Interference},
   author={{Federal Communications Comission}},
   month={Fev.},
  year = {2004},
  note = {Acessado em fevereiro de 2015.},
  howpublished={\url{http://transition.fcc.gov/Bureaus/Engineering_Technology/Documents/bulletins/oet69/oet69.pdf}},
}

@misc{towercover,
  title = {Tower Coverage },
  note = {Acessado em março de 2013.},
  howpublished={\url{http://www.towercoverage.com/}},
}

@misc{radiomobile,
  title = {Radio Mobile },
  note = {Acessado em março de 2013.},
  howpublished={\url{http://www.cplus.org/rmw/english1.htm}},
}


@misc{RFC2616,
  title = {Hypertext Transfer Protocol -- HTTP/1.1},
  author={{Internet Engineering Task Force (IETF)}},
  year={1999}, 
  month={jun.}, 
  howpublished={\url{http://www.ietf.org/rfc/rfc2616.txt}},
}

@misc{htmlw3cs,
  title = {HTML5 A vocabulary and associated APIs for HTML and XHTML W3C Recommendation},
  author={{Internet Engineering Task Force (IETF)}},
  year={2014}, 
  month={out.}, 
  howpublished={\url{http://www.w3.org/TR/html/}},
}
